<!DOCTYPE html>
<meta charset="utf-8" />
<!-- version 1 -->
<title>[Gen 9] Anything Goes replay: andrewtatethen vs. cdkw2</title>
<style>
html,body {font-family:Verdana, sans-serif;font-size:10pt;margin:0;padding:0;}body{padding:12px 0;} .battle-log {font-family:Verdana, sans-serif;font-size:10pt;} .battle-log-inline {border:1px solid #AAAAAA;background:#EEF2F5;color:black;max-width:640px;margin:0 auto 80px;padding-bottom:5px;} .battle-log .inner {padding:4px 8px 0px 8px;} .battle-log .inner-preempt {padding:0 8px 4px 8px;} .battle-log .inner-after {margin-top:0.5em;} .battle-log h2 {margin:0.5em -8px;padding:4px 8px;border:1px solid #AAAAAA;background:#E0E7EA;border-left:0;border-right:0;font-family:Verdana, sans-serif;font-size:13pt;} .battle-log .chat {vertical-align:middle;padding:3px 0 3px 0;font-size:8pt;} .battle-log .chat strong {color:#40576A;} .battle-log .chat em {padding:1px 4px 1px 3px;color:#000000;font-style:normal;} .chat.mine {background:rgba(0,0,0,0.05);margin-left:-8px;margin-right:-8px;padding-left:8px;padding-right:8px;} .spoiler {color:#BBBBBB;background:#BBBBBB;padding:0px 3px;} .spoiler:hover, .spoiler:active, .spoiler-shown {color:#000000;background:#E2E2E2;padding:0px 3px;} .spoiler a {color:#BBBBBB;} .spoiler:hover a, .spoiler:active a, .spoiler-shown a {color:#2288CC;} .chat code, .chat .spoiler:hover code, .chat .spoiler:active code, .chat .spoiler-shown code {border:1px solid #C0C0C0;background:#EEEEEE;color:black;padding:0 2px;} .chat .spoiler code {border:1px solid #CCCCCC;background:#CCCCCC;color:#CCCCCC;} .battle-log .rated {padding:3px 4px;} .battle-log .rated strong {color:white;background:#89A;padding:1px 4px;border-radius:4px;} .spacer {margin-top:0.5em;} .message-announce {background:#6688AA;color:white;padding:1px 4px 2px;} .message-announce a, .broadcast-green a, .broadcast-blue a, .broadcast-red a {color:#DDEEFF;} .broadcast-green {background-color:#559955;color:white;padding:2px 4px;} .broadcast-blue {background-color:#6688AA;color:white;padding:2px 4px;} .infobox {border:1px solid #6688AA;padding:2px 4px;} .infobox-limited {max-height:200px;overflow:auto;overflow-x:hidden;} .broadcast-red {background-color:#AA5544;color:white;padding:2px 4px;} .message-learn-canlearn {font-weight:bold;color:#228822;text-decoration:underline;} .message-learn-cannotlearn {font-weight:bold;color:#CC2222;text-decoration:underline;} .message-effect-weak {font-weight:bold;color:#CC2222;} .message-effect-resist {font-weight:bold;color:#6688AA;} .message-effect-immune {font-weight:bold;color:#666666;} .message-learn-list {margin-top:0;margin-bottom:0;} .message-throttle-notice, .message-error {color:#992222;} .message-overflow, .chat small.message-overflow {font-size:0pt;} .message-overflow::before {font-size:9pt;content:'...';} .subtle {color:#3A4A66;}
</style>
<div class="wrapper replay-wrapper" style="max-width:1180px;margin:0 auto">
<input type="hidden" name="replayid" value="gen9anythinggoes-1801589922-993k2h0oapan9ion0jrm7nwcmvjvqvppw" />
<div class="battle"></div><div class="battle-log"></div><div class="replay-controls"></div><div class="replay-controls-2"></div>
<h1 style="font-weight:normal;text-align:center"><strong>[Gen 9] Anything Goes</strong><br /><a href="http://pokemonshowdown.com/users/andrewtatethen" class="subtle" target="_blank">andrewtatethen</a> vs. <a href="http://pokemonshowdown.com/users/cdkw2" class="subtle" target="_blank">cdkw2</a></h1>
<script type="text/plain" class="battle-log-data">|j|☆andrewtatethen
|j|☆cdkw2

|t:|1676553708
|gametype|singles
|player|p1|andrewtatethen|gambler|
|player|p2|cdkw2|steven|
|teamsize|p1|6
|teamsize|p2|6
|gen|9
|tier|[Gen 9] Anything Goes
|rule|HP Percentage Mod: HP is shown in percentages
|rule|Endless Battle Clause: Forcing endless battles is banned
|clearpoke
|poke|p1|Houndstone, F|
|poke|p1|Tyranitar, F|
|poke|p1|Baxcalibur, F|
|poke|p1|Ceruledge, M|
|poke|p1|Greninja, F|
|poke|p1|Persian, M|
|poke|p2|Pikachu, M|
|poke|p2|Espeon, F|
|poke|p2|Arboliva, F|
|poke|p2|Charizard, M|
|poke|p2|Greninja, F|
|poke|p2|Breloom, F|
|teampreview
|inactive|Battle timer is ON: inactive players will automatically lose when time's up. (requested by cdkw2)
|inactive|Time left: 300 sec this turn | 300 sec total | 60 sec grace
|inactive|andrewtatethen has 270 seconds left.
|inactive|cdkw2 has 270 seconds left.
|
|t:|1676553757
|start
|switch|p1a: Greninja|Greninja, F, shiny|100\/100
|switch|p2a: Pikachu|Pikachu, M|211\/211
|turn|1
|inactive|Time left: 300 sec this turn | 300 sec total
|inactive|andrewtatethen has 270 seconds left.
|
|t:|1676553789
|switch|p1a: Tyranitar|Tyranitar, F|100\/100
|-weather|Sandstorm|[from] ability: Sand Stream|[of] p1a: Tyranitar
|move|p2a: Pikachu|Fake Out|p1a: Tyranitar
|-resisted|p1a: Tyranitar
|-damage|p1a: Tyranitar|96\/100
|
|-weather|Sandstorm|[upkeep]
|-damage|p2a: Pikachu|198\/211|[from] Sandstorm
|upkeep
|turn|2
|inactive|Time left: 295 sec this turn | 295 sec total
|inactive|andrewtatethen has 270 seconds left.
|inactive|cdkw2 has 270 seconds left.
|
|t:|1676553824
|switch|p2a: Breloom|Breloom, F|261\/261
|move|p1a: Tyranitar|Dragon Dance|p1a: Tyranitar
|-boost|p1a: Tyranitar|atk|1
|-boost|p1a: Tyranitar|spe|1
|
|-weather|Sandstorm|[upkeep]
|-damage|p2a: Breloom|245\/261|[from] Sandstorm
|upkeep
|turn|3
|inactive|Time left: 275 sec this turn | 275 sec total
|inactive|cdkw2 has 270 seconds left.
|inactive|andrewtatethen has 270 seconds left.
|inactive|andrewtatethen has 240 seconds left.
|inactive|andrewtatethen has 210 seconds left.
|
|t:|1676553911
|switch|p1a: Houndstone|Houndstone, F|100\/100
|move|p2a: Breloom|Spore|p1a: Houndstone
|-status|p1a: Houndstone|slp|[from] move: Spore
|
|-weather|Sandstorm|[upkeep]
|-damage|p2a: Breloom|229\/261|[from] Sandstorm
|upkeep
|turn|4
|inactive|Time left: 275 sec this turn | 275 sec total
|inactive|cdkw2 has 270 seconds left.
|
|t:|1676553943
|switch|p1a: Ceruledge|Ceruledge, M|100\/100
|switch|p2a: Arboliva|Arboliva, F|360\/360
|
|-weather|Sandstorm|[upkeep]
|-damage|p1a: Ceruledge|94\/100|[from] Sandstorm
|-damage|p2a: Arboliva|338\/360|[from] Sandstorm
|upkeep
|turn|5
|inactive|Time left: 255 sec this turn | 255 sec total
|
|t:|1676553957
|switch|p2a: Greninja|Greninja, F|285\/285
|move|p1a: Ceruledge|Swords Dance|p1a: Ceruledge
|-boost|p1a: Ceruledge|atk|2
|
|-weather|Sandstorm|[upkeep]
|-damage|p2a: Greninja|268\/285|[from] Sandstorm
|-damage|p1a: Ceruledge|88\/100|[from] Sandstorm
|upkeep
|turn|6
|inactive|Time left: 260 sec this turn | 260 sec total
|inactive|cdkw2 has 240 seconds left.
|inactive|andrewtatethen has 180 seconds left.
|
|t:|1676553997
|move|p2a: Greninja|Rock Slide|p1a: Ceruledge
|-start|p2a: Greninja|typechange|Rock|[from] ability: Protean
|-supereffective|p1a: Ceruledge
|-damage|p1a: Ceruledge|18\/100
|cant|p1a: Ceruledge|flinch
|
|-weather|Sandstorm|[upkeep]
|-damage|p1a: Ceruledge|12\/100|[from] Sandstorm
|upkeep
|turn|7
|inactive|Time left: 235 sec this turn | 235 sec total
|inactive|andrewtatethen has 180 seconds left.
|
|t:|1676554023
|switch|p1a: Persian|Persian, M|100\/100
|move|p2a: Greninja|Rock Slide|p1a: Persian
|-damage|p1a: Persian|51\/100
|
|-weather|Sandstorm|[upkeep]
|-damage|p1a: Persian|45\/100|[from] Sandstorm
|upkeep
|turn|8
|inactive|Time left: 240 sec this turn | 240 sec total
|inactive|andrewtatethen has 150 seconds left.
|inactive|andrewtatethen has 120 seconds left.
|inactive|andrewtatethen has 90 seconds left.
|
|t:|1676554106
|switch|p1a: Houndstone|Houndstone, F|100\/100 slp
|move|p2a: Greninja|Rock Slide|p1a: Houndstone
|-damage|p1a: Houndstone|67\/100 slp
|
|-weather|none
|upkeep
|turn|9
|inactive|Time left: 245 sec this turn | 245 sec total
|inactive|cdkw2 has 240 seconds left.
|inactive|andrewtatethen has 90 seconds left.
|-activate|p1a: Houndstone|item: Quick Claw
|
|t:|1676554134
|switch|p2a: Breloom|Breloom, F|229\/261
|cant|p1a: Houndstone|slp
|
|upkeep
|turn|10
|inactive|Time left: 230 sec this turn | 230 sec total
|inactive|andrewtatethen has 90 seconds left.
|
|t:|1676554145
|move|p2a: Breloom|Bullet Seed|p1a: Houndstone
|-damage|p1a: Houndstone|47\/100 slp
|-damage|p1a: Houndstone|25\/100 slp
|-damage|p1a: Houndstone|5\/100 slp
|-damage|p1a: Houndstone|0 fnt
|faint|p1a: Houndstone
|-hitcount|p1: Houndstone|4
|
|upkeep
|inactive|Time left: 230 sec this turn | 230 sec total
|
|t:|1676554161
|switch|p1a: Ceruledge|Ceruledge, M|12\/100
|turn|11
|inactive|Time left: 240 sec this turn | 240 sec total
|inactive|cdkw2 has 210 seconds left.
|
|t:|1676554203
|move|p2a: Breloom|Bullet Seed|p1a: Ceruledge
|-resisted|p1a: Ceruledge
|-damage|p1a: Ceruledge|1\/100
|-resisted|p1a: Ceruledge
|-damage|p1a: Ceruledge|0 fnt
|faint|p1a: Ceruledge
|-hitcount|p1: Ceruledge|2
|
|upkeep
|inactive|Time left: 205 sec this turn | 205 sec total
|inactive|andrewtatethen has 60 seconds left.
|
|t:|1676554218
|switch|p1a: Baxcalibur|Baxcalibur, F|100\/100
|turn|12
|inactive|Time left: 215 sec this turn | 215 sec total
|inactive|andrewtatethen has 60 seconds left.
|inactive|cdkw2 has 210 seconds left.
|
|t:|1676554234
|switch|p2a: Greninja|Greninja, F|268\/285
|move|p1a: Baxcalibur|Dragon Dance|p1a: Baxcalibur
|-boost|p1a: Baxcalibur|atk|1
|-boost|p1a: Baxcalibur|spe|1
|
|upkeep
|turn|13
|inactive|Time left: 215 sec this turn | 215 sec total
|inactive|cdkw2 has 210 seconds left.
|inactive|andrewtatethen has 30 seconds left.
|
|t:|1676554266
|move|p2a: Greninja|Ice Beam|p1a: Baxcalibur
|-start|p2a: Greninja|typechange|Ice|[from] ability: Protean
|-damage|p1a: Baxcalibur|72\/100
|move|p1a: Baxcalibur|Dragon Dance|p1a: Baxcalibur
|-boost|p1a: Baxcalibur|atk|1
|-boost|p1a: Baxcalibur|spe|1
|
|upkeep
|turn|14
|inactive|Time left: 220 sec this turn | 220 sec total
|inactiveoff|Battle timer is now OFF.
|
|t:|1676554291
|move|p2a: Greninja|Ice Beam|p1a: Baxcalibur
|-damage|p1a: Baxcalibur|43\/100
|move|p1a: Baxcalibur|Icicle Spear|p2a: Greninja
|-resisted|p2a: Greninja
|-damage|p2a: Greninja|195\/285
|-resisted|p2a: Greninja
|-damage|p2a: Greninja|123\/285
|-resisted|p2a: Greninja
|-damage|p2a: Greninja|48\/285
|-resisted|p2a: Greninja
|-damage|p2a: Greninja|0 fnt
|faint|p2a: Greninja
|-hitcount|p2: Greninja|4
|
|upkeep
|
|t:|1676554308
|switch|p2a: Charizard|Charizard, M|297\/297
|turn|15
|
|t:|1676554317
|move|p1a: Baxcalibur|Icicle Spear|p2a: Charizard
|-damage|p2a: Charizard|183\/297
|-damage|p2a: Charizard|56\/297
|-crit|p2a: Charizard
|-damage|p2a: Charizard|0 fnt
|faint|p2a: Charizard
|-hitcount|p2: Charizard|3
|
|upkeep
|
|t:|1676554354
|switch|p2a: Breloom|Breloom, F|229\/261
|turn|16
|
|t:|1676554358
|move|p2a: Breloom|Mach Punch|p1a: Baxcalibur
|-supereffective|p1a: Baxcalibur
|-damage|p1a: Baxcalibur|0 fnt
|faint|p1a: Baxcalibur
|
|upkeep
|
|t:|1676554366
|switch|p1a: Persian|Persian, M|45\/100
|turn|17
|
|t:|1676554380
|move|p2a: Breloom|Mach Punch|p1a: Persian
|-supereffective|p1a: Persian
|-damage|p1a: Persian|0 fnt
|faint|p1a: Persian
|
|upkeep
|
|t:|1676554386
|switch|p1a: Greninja|Greninja, F, shiny|100\/100
|turn|18
|
|t:|1676554402
|-terastallize|p1a: Greninja|Flying
|move|p1a: Greninja|Tera Blast|p2a: Breloom
|-supereffective|p2a: Breloom
|-damage|p2a: Breloom|0 fnt
|faint|p2a: Breloom
|
|upkeep
|c|~|\/raw <div class="infobox">Flying:<br \/><span class="message-effect-weak">Weaknesses<\/span>: Electric, Ice, Rock<br \/><span class="message-effect-resist">Resistances<\/span>: Bug, Fighting, Grass<br \/><span class="message-effect-immune">Immunities<\/span>: Ground<\/div>
|inactive|Battle timer is ON: inactive players will automatically lose when time's up. (requested by andrewtatethen)
|inactive|Time left: 225 sec this turn | 225 sec total
|
|t:|1676554435
|switch|p2a: Pikachu|Pikachu, M|198\/211
|turn|19
|inactive|Time left: 230 sec this turn | 230 sec total
|inactive|cdkw2 has 210 seconds left.
|inactive|andrewtatethen has 30 seconds left.
|inactive|andrewtatethen has 20 seconds left.
|inactive|andrewtatethen has 15 seconds left.
|inactive|andrewtatethen has 10 seconds left.
|
|t:|1676554483
|move|p1a: Greninja|Swords Dance|p1a: Greninja
|-boost|p1a: Greninja|atk|2
|move|p2a: Pikachu|Thunderbolt|p1a: Greninja
|-supereffective|p1a: Greninja
|-damage|p1a: Greninja|0 fnt
|faint|p1a: Greninja
|
|upkeep
|inactive|Time left: 195 sec this turn | 195 sec total
|inactive|andrewtatethen has 15 seconds left this turn.
|inactive|andrewtatethen has 10 seconds left.
|
|t:|1676554491
|switch|p1a: Tyranitar|Tyranitar, F|96\/100
|-weather|Sandstorm|[from] ability: Sand Stream|[of] p1a: Tyranitar
|turn|20
|inactive|Time left: 205 sec this turn | 205 sec total
|inactive|andrewtatethen has 20 seconds left this turn.
|inactive|andrewtatethen has 15 seconds left.
|
|t:|1676554500
|move|p2a: Pikachu|Surf|p1a: Tyranitar
|-supereffective|p1a: Tyranitar
|-damage|p1a: Tyranitar|51\/100
|move|p1a: Tyranitar|Stone Edge|p2a: Pikachu
|-damage|p2a: Pikachu|0 fnt
|faint|p2a: Pikachu
|
|-weather|Sandstorm|[upkeep]
|upkeep
|inactive|Time left: 205 sec this turn | 205 sec total
|inactive|andrewtatethen has 20 seconds left this turn.
|
|t:|1676554509
|switch|p2a: Espeon|Espeon, F|271\/271
|turn|21
|inactive|Time left: 210 sec this turn | 210 sec total
|inactive|andrewtatethen has 30 seconds left this turn.
|inactive|andrewtatethen has 20 seconds left.
|
|t:|1676554522
|move|p2a: Espeon|Calm Mind|p2a: Espeon
|-boost|p2a: Espeon|spa|1
|-boost|p2a: Espeon|spd|1
|move|p1a: Tyranitar|Earthquake|p2a: Espeon
|-damage|p2a: Espeon|118\/271
|
|-weather|Sandstorm|[upkeep]
|-damage|p2a: Espeon|102\/271|[from] Sandstorm
|upkeep
|turn|22
|inactive|Time left: 210 sec this turn | 210 sec total
|inactive|andrewtatethen has 30 seconds left this turn.
|
|t:|1676554542
|move|p2a: Espeon|Calm Mind|p2a: Espeon
|-boost|p2a: Espeon|spa|1
|-boost|p2a: Espeon|spd|1
|move|p1a: Tyranitar|Earthquake|p2a: Espeon
|-damage|p2a: Espeon|0 fnt
|faint|p2a: Espeon
|
|-weather|Sandstorm|[upkeep]
|upkeep
|inactive|Time left: 200 sec this turn | 200 sec total
|inactive|andrewtatethen has 30 seconds left this turn.
|
|t:|1676554545
|switch|p2a: Arboliva|Arboliva, F|338\/360
|turn|23
|inactive|Time left: 210 sec this turn | 210 sec total
|
|t:|1676554555
|move|p1a: Tyranitar|Protect|p1a: Tyranitar
|-singleturn|p1a: Tyranitar|Protect
|move|p2a: Arboliva|Protect||[still]
|-fail|p2a: Arboliva
|
|-weather|Sandstorm|[upkeep]
|-damage|p2a: Arboliva|316\/360|[from] Sandstorm
|upkeep
|turn|24
|inactive|Time left: 215 sec this turn | 215 sec total
|inactive|cdkw2 has 210 seconds left.
|inactive|andrewtatethen has 30 seconds left.
|
|t:|1676554573
|move|p1a: Tyranitar|Dragon Dance|p1a: Tyranitar
|-boost|p1a: Tyranitar|atk|1
|-boost|p1a: Tyranitar|spe|1
|move|p2a: Arboliva|Substitute|p2a: Arboliva
|-start|p2a: Arboliva|Substitute
|-damage|p2a: Arboliva|226\/360
|
|-weather|Sandstorm|[upkeep]
|-damage|p2a: Arboliva|204\/360|[from] Sandstorm
|upkeep
|turn|25
|inactive|Time left: 210 sec this turn | 210 sec total
|
|t:|1676554583
|move|p1a: Tyranitar|Stone Edge|p2a: Arboliva
|-end|p2a: Arboliva|Substitute
|move|p2a: Arboliva|Leech Seed|p1a: Tyranitar
|-start|p1a: Tyranitar|move: Leech Seed
|
|-weather|Sandstorm|[upkeep]
|-damage|p2a: Arboliva|182\/360|[from] Sandstorm
|-damage|p1a: Tyranitar|39\/100|[from] Leech Seed|[of] p2a: Arboliva
|-heal|p2a: Arboliva|228\/360|[silent]
|upkeep
|turn|26
|inactive|Time left: 220 sec this turn | 220 sec total
|
|t:|1676554593
|move|p2a: Arboliva|Protect|p2a: Arboliva
|-singleturn|p2a: Arboliva|Protect
|move|p1a: Tyranitar|Stone Edge|p2a: Arboliva
|-activate|p2a: Arboliva|move: Protect
|
|-weather|Sandstorm|[upkeep]
|-damage|p2a: Arboliva|206\/360|[from] Sandstorm
|-damage|p1a: Tyranitar|26\/100|[from] Leech Seed|[of] p2a: Arboliva
|-heal|p2a: Arboliva|252\/360|[silent]
|upkeep
|turn|27
|inactive|Time left: 225 sec this turn | 225 sec total
|
|t:|1676554605
|-terastallize|p2a: Arboliva|Steel
|move|p1a: Tyranitar|Stone Edge|p2a: Arboliva
|-resisted|p2a: Arboliva
|-damage|p2a: Arboliva|110\/360
|-enditem|p2a: Arboliva|Sitrus Berry|[eat]
|-heal|p2a: Arboliva|200\/360|[from] item: Sitrus Berry
|move|p2a: Arboliva|Substitute|p2a: Arboliva
|-start|p2a: Arboliva|Substitute
|-damage|p2a: Arboliva|110\/360
|
|-weather|none
|-damage|p1a: Tyranitar|14\/100|[from] Leech Seed|[of] p2a: Arboliva
|-heal|p2a: Arboliva|156\/360|[silent]
|-item|p2a: Arboliva|Sitrus Berry|[from] ability: Harvest
|upkeep
|-enditem|p2a: Arboliva|Sitrus Berry|[eat]
|-heal|p2a: Arboliva|246\/360|[from] item: Sitrus Berry
|turn|28
|inactive|Time left: 225 sec this turn | 225 sec total
|
|t:|1676554621
|move|p2a: Arboliva|Protect|p2a: Arboliva
|-singleturn|p2a: Arboliva|Protect
|move|p1a: Tyranitar|Earthquake|p2a: Arboliva
|-activate|p2a: Arboliva|move: Protect
|
|-damage|p1a: Tyranitar|1\/100|[from] Leech Seed|[of] p2a: Arboliva
|-heal|p2a: Arboliva|292\/360|[silent]
|upkeep
|turn|29
|inactive|Time left: 230 sec this turn | 230 sec total
|
|t:|1676554632
|move|p1a: Tyranitar|Earthquake|p2a: Arboliva
|-supereffective|p2a: Arboliva
|-end|p2a: Arboliva|Substitute
|move|p2a: Arboliva|Dazzling Gleam|p1a: Tyranitar
|-supereffective|p1a: Tyranitar
|-damage|p1a: Tyranitar|0 fnt
|faint|p1a: Tyranitar
|
|win|cdkw2
|inactive|Time left: 225 sec this turn | 225 sec total</script>
</div>
<div class="battle-log battle-log-inline"><div class="inner"><div class="battle-options"><div style="padding-top: 3px; padding-right: 3px; text-align: right"><button class="icon button" name="openBattleOptions" title="Options">Battle Options</button></div></div><div class="inner message-log"><div class="chat"><small>☆andrewtatethen and ☆cdkw2 joined</small></div><div class=""><small>Format:</small> <br><strong>[Gen 9] Anything Goes</strong></div><div class=""><small><em>HP Percentage Mod:</em> HP is shown in percentages</small></div><div class=""><small><em>Endless Battle Clause:</em> Forcing endless battles is banned</small></div><div class="chat battle-history"><strong>andrewtatethen's team:</strong> <em style="color:#445566;display:block;">Houndstone / Tyranitar / Baxcalibur / Ceruledge / Greninja / Persian</em></div><div class="chat battle-history"><strong>cdkw2's team:</strong> <em style="color:#445566;display:block;">Pikachu / Espeon / Arboliva / Charizard / Greninja / Breloom</em></div><div class="chat message-error">Battle timer is ON: inactive players will automatically lose when time's up. (requested by cdkw2)</div><div class="chat message-error">andrewtatethen has 270 seconds left.</div><div class="chat message-error">cdkw2 has 270 seconds left.</div><div class="spacer battle-history"><br></div><div class="battle-history">Battle started between andrewtatethen and cdkw2!<br></div><div class="spacer battle-history"><br></div><div class="battle-history">andrewtatethen sent out <strong>Greninja</strong>!<br></div><div class="spacer battle-history"><br></div><div class="battle-history">Go! <strong>Pikachu</strong>!<br></div><div class="spacer battle-history"><br></div><h2 class="battle-history">Turn 1</h2><div class="chat message-error">andrewtatethen has 270 seconds left.</div><div class="spacer battle-history"><br></div><div class="battle-history">andrewtatethen withdrew Greninja!<br></div><div class="battle-history">andrewtatethen sent out <strong>Tyranitar</strong>!<br></div><div class="battle-history">[The opposing Tyranitar's Sand Stream]<br><small>A sandstorm kicked up!</small><br></div><div class="spacer battle-history"><br></div><div class="battle-history">Pikachu used <strong>Fake Out</strong>!<br></div><div class="battle-history"><small>It's not very effective...</small><br></div><div class="battle-history"><small>(The opposing Tyranitar lost 4% of its health!)</small><br></div><div class="spacer battle-history"><br></div><div class="battle-history"><small>(The sandstorm is raging.)</small><br></div><div class="battle-history"><small>Pikachu is buffeted by the sandstorm!</small><br></div><div class="spacer battle-history"><br></div><h2 class="battle-history">Turn 2</h2><div class="chat message-error">andrewtatethen has 270 seconds left.</div><div class="chat message-error">cdkw2 has 270 seconds left.</div><div class="spacer battle-history"><br></div><div class="battle-history">Pikachu, come back!<br></div><div class="battle-history">Go! <strong>Breloom</strong>!<br></div><div class="spacer battle-history"><br></div><div class="battle-history">The opposing Tyranitar used <strong>Dragon Dance</strong>!<br></div><div class="battle-history"><small>The opposing Tyranitar's Attack rose!</small><br></div><div class="battle-history"><small>The opposing Tyranitar's Speed rose!</small><br></div><div class="spacer battle-history"><br></div><div class="battle-history"><small>(The sandstorm is raging.)</small><br></div><div class="battle-history"><small>Breloom is buffeted by the sandstorm!</small><br></div><div class="spacer battle-history"><br></div><h2 class="battle-history">Turn 3</h2><div class="chat message-error">cdkw2 has 270 seconds left.</div><div class="chat message-error">andrewtatethen has 270 seconds left.</div><div class="chat message-error">andrewtatethen has 240 seconds left.</div><div class="chat message-error">andrewtatethen has 210 seconds left.</div><div class="spacer battle-history"><br></div><div class="battle-history">andrewtatethen withdrew Tyranitar!<br></div><div class="battle-history">andrewtatethen sent out <strong>Houndstone</strong>!<br></div><div class="spacer battle-history"><br></div><div class="battle-history">Breloom used <strong>Spore</strong>!<br></div><div class="battle-history"><small>The opposing Houndstone fell asleep!</small><br></div><div class="spacer battle-history"><br></div><div class="battle-history"><small>(The sandstorm is raging.)</small><br></div><div class="battle-history"><small>Breloom is buffeted by the sandstorm!</small><br></div><div class="spacer battle-history"><br></div><h2 class="battle-history">Turn 4</h2><div class="chat message-error">cdkw2 has 270 seconds left.</div><div class="spacer battle-history"><br></div><div class="battle-history">andrewtatethen withdrew Houndstone!<br></div><div class="battle-history">andrewtatethen sent out <strong>Ceruledge</strong>!<br></div><div class="spacer battle-history"><br></div><div class="battle-history">Breloom, come back!<br></div><div class="battle-history">Go! <strong>Arboliva</strong>!<br></div><div class="spacer battle-history"><br></div><div class="battle-history"><small>(The sandstorm is raging.)</small><br></div><div class="battle-history"><small>The opposing Ceruledge is buffeted by the sandstorm!</small><br></div><div class="battle-history"><small>Arboliva is buffeted by the sandstorm!</small><br></div><div class="spacer battle-history"><br></div><h2 class="battle-history">Turn 5</h2><div class="spacer battle-history"><br></div><div class="battle-history">Arboliva, come back!<br></div><div class="battle-history">Go! <strong>Greninja</strong>!<br></div><div class="spacer battle-history"><br></div><div class="battle-history">The opposing Ceruledge used <strong>Swords Dance</strong>!<br></div><div class="battle-history"><small>The opposing Ceruledge's Attack rose sharply!</small><br></div><div class="spacer battle-history"><br></div><div class="battle-history"><small>(The sandstorm is raging.)</small><br></div><div class="battle-history"><small>Greninja is buffeted by the sandstorm!</small><br></div><div class="battle-history"><small>The opposing Ceruledge is buffeted by the sandstorm!</small><br></div><div class="spacer battle-history"><br></div><h2 class="battle-history">Turn 6</h2><div class="chat message-error">cdkw2 has 240 seconds left.</div><div class="chat message-error">andrewtatethen has 180 seconds left.</div><div class="spacer battle-history"><br></div><div class="battle-history">Greninja used <strong>Rock Slide</strong>!<br></div><div class="spacer battle-history"><br></div><div class="battle-history">[Greninja's Protean]<br><small>Greninja's type changed to Rock!</small><br></div><div class="battle-history"><small>It's super effective!</small><br></div><div class="battle-history"><small>(The opposing Ceruledge lost 70% of its health!)</small><br></div><div class="spacer battle-history"><br></div><div class="battle-history">The opposing Ceruledge flinched and couldn't move!<br></div><div class="spacer battle-history"><br></div><div class="battle-history"><small>(The sandstorm is raging.)</small><br></div><div class="battle-history"><small>The opposing Ceruledge is buffeted by the sandstorm!</small><br></div><div class="spacer battle-history"><br></div><h2 class="battle-history">Turn 7</h2><div class="chat message-error">andrewtatethen has 180 seconds left.</div><div class="spacer battle-history"><br></div><div class="battle-history">andrewtatethen withdrew Ceruledge!<br></div><div class="battle-history">andrewtatethen sent out <strong>Persian</strong>!<br></div><div class="spacer battle-history"><br></div><div class="battle-history">Greninja used <strong>Rock Slide</strong>!<br></div><div class="battle-history"><small>(The opposing Persian lost 49% of its health!)</small><br></div><div class="spacer battle-history"><br></div><div class="battle-history"><small>(The sandstorm is raging.)</small><br></div><div class="battle-history"><small>The opposing Persian is buffeted by the sandstorm!</small><br></div><div class="spacer battle-history"><br></div><h2 class="battle-history">Turn 8</h2><div class="chat message-error">andrewtatethen has 150 seconds left.</div><div class="chat message-error">andrewtatethen has 120 seconds left.</div><div class="chat message-error">andrewtatethen has 90 seconds left.</div><div class="spacer battle-history"><br></div><div class="battle-history">andrewtatethen withdrew Persian!<br></div><div class="battle-history">andrewtatethen sent out <strong>Houndstone</strong>!<br></div><div class="spacer battle-history"><br></div><div class="battle-history">Greninja used <strong>Rock Slide</strong>!<br></div><div class="battle-history"><small>(The opposing Houndstone lost 33% of its health!)</small><br></div><div class="spacer battle-history"><br></div><div class="battle-history"><small>The sandstorm subsided.</small><br></div><div class="spacer battle-history"><br></div><h2 class="battle-history">Turn 9</h2><div class="chat message-error">cdkw2 has 240 seconds left.</div><div class="chat message-error">andrewtatethen has 90 seconds left.</div><div class="spacer battle-history"><br></div><div class="battle-history"><small>The opposing Houndstone can act faster than normal, thanks to its Quick Claw!</small><br></div><div class="spacer battle-history"><br></div><div class="battle-history">Greninja, come back!<br></div><div class="battle-history">Go! <strong>Breloom</strong>!<br></div><div class="spacer battle-history"><br></div><div class="battle-history">The opposing Houndstone is fast asleep.<br></div><div class="spacer battle-history"><br></div><h2 class="battle-history">Turn 10</h2><div class="chat message-error">andrewtatethen has 90 seconds left.</div><div class="spacer battle-history"><br></div><div class="battle-history">Breloom used <strong>Bullet Seed</strong>!<br></div><div class="battle-history"><small>(The opposing Houndstone lost 20% of its health!)</small><br></div><div class="battle-history"><small>(The opposing Houndstone lost 22% of its health!)</small><br></div><div class="battle-history"><small>(The opposing Houndstone lost 20% of its health!)</small><br></div><div class="battle-history"><small>(The opposing Houndstone lost 5% of its health!)</small><br></div><div class="spacer battle-history"><br></div><div class="battle-history">The opposing Houndstone fainted!<br></div><div class="battle-history"><small>The Pokémon was hit 4 times!</small><br></div><div class="spacer battle-history"><br></div><div class="battle-history">andrewtatethen sent out <strong>Ceruledge</strong>!<br></div><div class="spacer battle-history"><br></div><h2 class="battle-history">Turn 11</h2><div class="chat message-error">cdkw2 has 210 seconds left.</div><div class="spacer battle-history"><br></div><div class="battle-history">Breloom used <strong>Bullet Seed</strong>!<br></div><div class="battle-history"><small>It's not very effective...</small><br></div><div class="battle-history"><small>(The opposing Ceruledge lost 11% of its health!)</small><br></div><div class="battle-history"><small>It's not very effective...</small><br></div><div class="battle-history"><small>(The opposing Ceruledge lost 1% of its health!)</small><br></div><div class="spacer battle-history"><br></div><div class="battle-history">The opposing Ceruledge fainted!<br></div><div class="battle-history"><small>The Pokémon was hit 2 times!</small><br></div><div class="chat message-error">andrewtatethen has 60 seconds left.</div><div class="spacer battle-history"><br></div><div class="battle-history">andrewtatethen sent out <strong>Baxcalibur</strong>!<br></div><div class="spacer battle-history"><br></div><h2 class="battle-history">Turn 12</h2><div class="chat message-error">andrewtatethen has 60 seconds left.</div><div class="chat message-error">cdkw2 has 210 seconds left.</div><div class="spacer battle-history"><br></div><div class="battle-history">Breloom, come back!<br></div><div class="battle-history">Go! <strong>Greninja</strong>!<br></div><div class="spacer battle-history"><br></div><div class="battle-history">The opposing Baxcalibur used <strong>Dragon Dance</strong>!<br></div><div class="battle-history"><small>The opposing Baxcalibur's Attack rose!</small><br></div><div class="battle-history"><small>The opposing Baxcalibur's Speed rose!</small><br></div><div class="spacer battle-history"><br></div><h2 class="battle-history">Turn 13</h2><div class="chat message-error">cdkw2 has 210 seconds left.</div><div class="chat message-error">andrewtatethen has 30 seconds left.</div><div class="spacer battle-history"><br></div><div class="battle-history">Greninja used <strong>Ice Beam</strong>!<br></div><div class="spacer battle-history"><br></div><div class="battle-history">[Greninja's Protean]<br><small>Greninja's type changed to Ice!</small><br></div><div class="battle-history"><small>(The opposing Baxcalibur lost 28% of its health!)</small><br></div><div class="spacer battle-history"><br></div><div class="battle-history">The opposing Baxcalibur used <strong>Dragon Dance</strong>!<br></div><div class="battle-history"><small>The opposing Baxcalibur's Attack rose!</small><br></div><div class="battle-history"><small>The opposing Baxcalibur's Speed rose!</small><br></div><div class="spacer battle-history"><br></div><h2 class="battle-history">Turn 14</h2><div class="chat message-error">Battle timer is now OFF.</div><div class="spacer battle-history"><br></div><div class="battle-history">Greninja used <strong>Ice Beam</strong>!<br></div><div class="battle-history"><small>(The opposing Baxcalibur lost 29% of its health!)</small><br></div><div class="spacer battle-history"><br></div><div class="battle-history">The opposing Baxcalibur used <strong>Icicle Spear</strong>!<br></div><div class="battle-history"><small>It's not very effective...</small><br></div><div class="battle-history"><small>(Greninja lost <abbr title="−73/285">25.6%</abbr> of its health!)</small><br></div><div class="battle-history"><small>It's not very effective...</small><br></div><div class="battle-history"><small>(Greninja lost <abbr title="−72/285">25.3%</abbr> of its health!)</small><br></div><div class="battle-history"><small>It's not very effective...</small><br></div><div class="battle-history"><small>(Greninja lost <abbr title="−75/285">26.3%</abbr> of its health!)</small><br></div><div class="battle-history"><small>It's not very effective...</small><br></div><div class="battle-history"><small>(Greninja lost <abbr title="−48/285">16.8%</abbr> of its health!)</small><br></div><div class="spacer battle-history"><br></div><div class="battle-history">Greninja fainted!<br></div><div class="battle-history"><small>The Pokémon was hit 4 times!</small><br></div><div class="spacer battle-history"><br></div><div class="battle-history">Go! <strong>Charizard</strong>!<br></div><div class="spacer battle-history"><br></div><h2 class="battle-history">Turn 15</h2><div class="spacer battle-history"><br></div><div class="battle-history">The opposing Baxcalibur used <strong>Icicle Spear</strong>!<br></div><div class="battle-history"><small>(Charizard lost <abbr title="−114/297">38.4%</abbr> of its health!)</small><br></div><div class="battle-history"><small>(Charizard lost <abbr title="−127/297">42.8%</abbr> of its health!)</small><br></div><div class="battle-history"><small>A critical hit!</small><br></div><div class="battle-history"><small>(Charizard lost <abbr title="−56/297">18.9%</abbr> of its health!)</small><br></div><div class="spacer battle-history"><br></div><div class="battle-history">Charizard fainted!<br></div><div class="battle-history"><small>The Pokémon was hit 3 times!</small><br></div><div class="spacer battle-history"><br></div><div class="battle-history">Go! <strong>Breloom</strong>!<br></div><div class="spacer battle-history"><br></div><h2 class="battle-history">Turn 16</h2><div class="spacer battle-history"><br></div><div class="battle-history">Breloom used <strong>Mach Punch</strong>!<br></div><div class="battle-history"><small>It's super effective!</small><br></div><div class="battle-history"><small>(The opposing Baxcalibur lost 43% of its health!)</small><br></div><div class="spacer battle-history"><br></div><div class="battle-history">The opposing Baxcalibur fainted!<br></div><div class="spacer battle-history"><br></div><div class="battle-history">andrewtatethen sent out <strong>Persian</strong>!<br></div><div class="spacer battle-history"><br></div><h2 class="battle-history">Turn 17</h2><div class="spacer battle-history"><br></div><div class="battle-history">Breloom used <strong>Mach Punch</strong>!<br></div><div class="battle-history"><small>It's super effective!</small><br></div><div class="battle-history"><small>(The opposing Persian lost 45% of its health!)</small><br></div><div class="spacer battle-history"><br></div><div class="battle-history">The opposing Persian fainted!<br></div><div class="spacer battle-history"><br></div><div class="battle-history">andrewtatethen sent out <strong>Greninja</strong>!<br></div><div class="spacer battle-history"><br></div><h2 class="battle-history">Turn 18</h2><div class="spacer battle-history"><br></div><div class="battle-history"><small>The opposing Greninja has Terastallized into the Flying-type!</small><br></div><div class="spacer battle-history"><br></div><div class="battle-history">The opposing Greninja used <strong>Tera Blast</strong>!<br></div><div class="battle-history"><small>It's super effective!</small><br></div><div class="battle-history"><small>(Breloom lost <abbr title="−229/261">87.7%</abbr> of its health!)</small><br></div><div class="spacer battle-history"><br></div><div class="battle-history">Breloom fainted!<br></div><div class="chat"><div class="infobox">Flying:<br><span class="message-effect-weak">Weaknesses</span>: Electric, Ice, Rock<br><span class="message-effect-resist">Resistances</span>: Bug, Fighting, Grass<br><span class="message-effect-immune">Immunities</span>: Ground</div></div><div class="chat message-error">Battle timer is ON: inactive players will automatically lose when time's up. (requested by andrewtatethen)</div><div class="spacer battle-history"><br></div><div class="battle-history">Go! <strong>Pikachu</strong>!<br></div><div class="spacer battle-history"><br></div><h2 class="battle-history">Turn 19</h2><div class="chat message-error">cdkw2 has 210 seconds left.</div><div class="chat message-error">andrewtatethen has 30 seconds left.</div><div class="chat message-error">andrewtatethen has 20 seconds left.</div><div class="chat message-error">andrewtatethen has 15 seconds left.</div><div class="chat message-error">andrewtatethen has 10 seconds left.</div><div class="spacer battle-history"><br></div><div class="battle-history">The opposing Greninja used <strong>Swords Dance</strong>!<br></div><div class="battle-history"><small>The opposing Greninja's Attack rose sharply!</small><br></div><div class="spacer battle-history"><br></div><div class="battle-history">Pikachu used <strong>Thunderbolt</strong>!<br></div><div class="battle-history"><small>It's super effective!</small><br></div><div class="battle-history"><small>(The opposing Greninja lost 100% of its health!)</small><br></div><div class="spacer battle-history"><br></div><div class="battle-history">The opposing Greninja fainted!<br></div><div class="chat message-error">andrewtatethen has 15 seconds left this turn.</div><div class="chat message-error">andrewtatethen has 10 seconds left.</div><div class="spacer battle-history"><br></div><div class="battle-history">andrewtatethen sent out <strong>Tyranitar</strong>!<br></div><div class="battle-history">[The opposing Tyranitar's Sand Stream]<br><small>A sandstorm kicked up!</small><br></div><div class="spacer battle-history"><br></div><h2 class="battle-history">Turn 20</h2><div class="chat message-error">andrewtatethen has 20 seconds left this turn.</div><div class="chat message-error">andrewtatethen has 15 seconds left.</div><div class="spacer battle-history"><br></div><div class="battle-history">Pikachu used <strong>Surf</strong>!<br></div><div class="battle-history"><small>It's super effective!</small><br></div><div class="battle-history"><small>(The opposing Tyranitar lost 45% of its health!)</small><br></div><div class="spacer battle-history"><br></div><div class="battle-history">The opposing Tyranitar used <strong>Stone Edge</strong>!<br></div><div class="battle-history"><small>(Pikachu lost <abbr title="−198/211">93.8%</abbr> of its health!)</small><br></div><div class="spacer battle-history"><br></div><div class="battle-history">Pikachu fainted!<br></div><div class="spacer battle-history"><br></div><div class="battle-history"><small>(The sandstorm is raging.)</small><br></div><div class="chat message-error">andrewtatethen has 20 seconds left this turn.</div><div class="spacer battle-history"><br></div><div class="battle-history">Go! <strong>Espeon</strong>!<br></div><div class="spacer battle-history"><br></div><h2 class="battle-history">Turn 21</h2><div class="chat message-error">andrewtatethen has 30 seconds left this turn.</div><div class="chat message-error">andrewtatethen has 20 seconds left.</div><div class="spacer battle-history"><br></div><div class="battle-history">Espeon used <strong>Calm Mind</strong>!<br></div><div class="battle-history"><small>Espeon's Sp. Atk rose!</small><br></div><div class="battle-history"><small>Espeon's Sp. Def rose!</small><br></div><div class="spacer battle-history"><br></div><div class="battle-history">The opposing Tyranitar used <strong>Earthquake</strong>!<br></div><div class="battle-history"><small>(Espeon lost <abbr title="−153/271">56.5%</abbr> of its health!)</small><br></div><div class="spacer battle-history"><br></div><div class="battle-history"><small>(The sandstorm is raging.)</small><br></div><div class="battle-history"><small>Espeon is buffeted by the sandstorm!</small><br></div><div class="spacer battle-history"><br></div><h2 class="battle-history">Turn 22</h2><div class="chat message-error">andrewtatethen has 30 seconds left this turn.</div><div class="spacer battle-history"><br></div><div class="battle-history">Espeon used <strong>Calm Mind</strong>!<br></div><div class="battle-history"><small>Espeon's Sp. Atk rose!</small><br></div><div class="battle-history"><small>Espeon's Sp. Def rose!</small><br></div><div class="spacer battle-history"><br></div><div class="battle-history">The opposing Tyranitar used <strong>Earthquake</strong>!<br></div><div class="battle-history"><small>(Espeon lost <abbr title="−102/271">37.6%</abbr> of its health!)</small><br></div><div class="spacer battle-history"><br></div><div class="battle-history">Espeon fainted!<br></div><div class="spacer battle-history"><br></div><div class="battle-history"><small>(The sandstorm is raging.)</small><br></div><div class="chat message-error">andrewtatethen has 30 seconds left this turn.</div><div class="spacer battle-history"><br></div><div class="battle-history">Go! <strong>Arboliva</strong>!<br></div><div class="spacer battle-history"><br></div><h2 class="battle-history">Turn 23</h2><div class="spacer battle-history"><br></div><div class="battle-history">The opposing Tyranitar used <strong>Protect</strong>!<br></div><div class="battle-history"><small>The opposing Tyranitar protected itself!</small><br></div><div class="spacer battle-history"><br></div><div class="battle-history">Arboliva used <strong>Protect</strong>!<br></div><div class="battle-history"><small>But it failed!</small><br></div><div class="spacer battle-history"><br></div><div class="battle-history"><small>(The sandstorm is raging.)</small><br></div><div class="battle-history"><small>Arboliva is buffeted by the sandstorm!</small><br></div><div class="spacer battle-history"><br></div><h2 class="battle-history">Turn 24</h2><div class="chat message-error">cdkw2 has 210 seconds left.</div><div class="chat message-error">andrewtatethen has 30 seconds left.</div><div class="spacer battle-history"><br></div><div class="battle-history">The opposing Tyranitar used <strong>Dragon Dance</strong>!<br></div><div class="battle-history"><small>The opposing Tyranitar's Attack rose!</small><br></div><div class="battle-history"><small>The opposing Tyranitar's Speed rose!</small><br></div><div class="spacer battle-history"><br></div><div class="battle-history">Arboliva used <strong>Substitute</strong>!<br></div><div class="battle-history"><small>Arboliva put in a substitute!</small><br></div><div class="battle-history"><small>(Arboliva lost <abbr title="−90/360">25%</abbr> of its health!)</small><br></div><div class="spacer battle-history"><br></div><div class="battle-history"><small>(The sandstorm is raging.)</small><br></div><div class="battle-history"><small>Arboliva is buffeted by the sandstorm!</small><br></div><div class="spacer battle-history"><br></div><h2 class="battle-history">Turn 25</h2><div class="spacer battle-history"><br></div><div class="battle-history">The opposing Tyranitar used <strong>Stone Edge</strong>!<br></div><div class="battle-history"><small>Arboliva's substitute faded!</small><br></div><div class="spacer battle-history"><br></div><div class="battle-history">Arboliva used <strong>Leech Seed</strong>!<br></div><div class="battle-history"><small>The opposing Tyranitar was seeded!</small><br></div><div class="spacer battle-history"><br></div><div class="battle-history"><small>(The sandstorm is raging.)</small><br></div><div class="battle-history"><small>Arboliva is buffeted by the sandstorm!</small><br></div><div class="battle-history"><small>The opposing Tyranitar's health is sapped by Leech Seed!</small><br></div><div class="spacer battle-history"><br></div><h2 class="battle-history">Turn 26</h2><div class="spacer battle-history"><br></div><div class="battle-history">Arboliva used <strong>Protect</strong>!<br></div><div class="battle-history"><small>Arboliva protected itself!</small><br></div><div class="spacer battle-history"><br></div><div class="battle-history">The opposing Tyranitar used <strong>Stone Edge</strong>!<br></div><div class="battle-history"><small>Arboliva protected itself!</small><br></div><div class="spacer battle-history"><br></div><div class="battle-history"><small>(The sandstorm is raging.)</small><br></div><div class="battle-history"><small>Arboliva is buffeted by the sandstorm!</small><br></div><div class="battle-history"><small>The opposing Tyranitar's health is sapped by Leech Seed!</small><br></div><div class="spacer battle-history"><br></div><h2 class="battle-history">Turn 27</h2><div class="spacer battle-history"><br></div><div class="battle-history"><small>Arboliva has Terastallized into the Steel-type!</small><br></div><div class="spacer battle-history"><br></div><div class="battle-history">The opposing Tyranitar used <strong>Stone Edge</strong>!<br></div><div class="battle-history"><small>It's not very effective...</small><br></div><div class="battle-history"><small>(Arboliva lost <abbr title="−142/360">39.4%</abbr> of its health!)</small><br></div><div class="battle-history"><small>(Arboliva ate its Sitrus Berry!)</small><br></div><div class="battle-history"><small>Arboliva restored HP using its Sitrus Berry!</small><br></div><div class="spacer battle-history"><br></div><div class="battle-history">Arboliva used <strong>Substitute</strong>!<br></div><div class="battle-history"><small>Arboliva put in a substitute!</small><br></div><div class="battle-history"><small>(Arboliva lost <abbr title="−90/360">25%</abbr> of its health!)</small><br></div><div class="spacer battle-history"><br></div><div class="battle-history"><small>The sandstorm subsided.</small><br></div><div class="battle-history"><small>The opposing Tyranitar's health is sapped by Leech Seed!</small><br></div><div class="battle-history">[Arboliva's Harvest]<br><small>Arboliva harvested one Sitrus Berry!</small><br></div><div class="spacer battle-history"><br></div><div class="battle-history"><small>(Arboliva ate its Sitrus Berry!)</small><br></div><div class="battle-history"><small>Arboliva restored HP using its Sitrus Berry!</small><br></div><div class="spacer battle-history"><br></div><h2 class="battle-history">Turn 28</h2><div class="spacer battle-history"><br></div><div class="battle-history">Arboliva used <strong>Protect</strong>!<br></div><div class="battle-history"><small>Arboliva protected itself!</small><br></div><div class="spacer battle-history"><br></div><div class="battle-history">The opposing Tyranitar used <strong>Earthquake</strong>!<br></div><div class="battle-history"><small>Arboliva protected itself!</small><br></div><div class="spacer battle-history"><br></div><div class="battle-history"><small>The opposing Tyranitar's health is sapped by Leech Seed!</small><br></div><div class="spacer battle-history"><br></div><h2 class="battle-history">Turn 29</h2><div class="spacer battle-history"><br></div><div class="battle-history">The opposing Tyranitar used <strong>Earthquake</strong>!<br></div><div class="battle-history"><small>It's super effective!</small><br></div><div class="battle-history"><small>Arboliva's substitute faded!</small><br></div><div class="spacer battle-history"><br></div><div class="battle-history">Arboliva used <strong>Dazzling Gleam</strong>!<br></div><div class="battle-history"><small>It's super effective!</small><br></div><div class="battle-history"><small>(The opposing Tyranitar lost 1% of its health!)</small><br></div><div class="spacer battle-history"><br></div><div class="battle-history">The opposing Tyranitar fainted!<br></div><div class="spacer battle-history"><br></div><div class="battle-history"><strong>cdkw2</strong> won the battle!<br></div></div><div class="inner-preempt message-log"></div></div></div>
</div>
<script>
let daily = Math.floor(Date.now()/1000/60/60/24);document.write('<script src="https://play.pokemonshowdown.com/js/replay-embed.js?version'+daily+'"></'+'script>');
</script>
